@String{PRL = {Phys. Rev. Lett.}}
@String{PRB = {Phys. Rev. B}}
@String{JAP = {J. Appl. Phys.}}
@String{APL = {Appl. Phys. Lett.}}
@String{pssb = {phys. stat. sol. (b)}}
@String{NM = {Nat. Mater.}}

@article{Moore:1965,
	language ={english},
	author   ={Moore, G. E.},
	title    ={Cramming more components onto integrated circuits},
	journal  ={Electronics},
	volume   =38,
	number   =8,
	year     =1965,
	url      ={ftp://download.intel.com/research/silicon/moorespaper.pdf}
}

@booklet{GrossPh4,
	language     ={ngerman},
	author       ={Gross, R.},
	title        ={Physik IV -- Atome, Moleküle, Wärmestatistik},
	howpublished ={Vorlesungsskript zur {V}orlesung im {SS} 2003},
	address      ={Walther-Meißner-Institut, Technische Universität München},
	year         =2003
}

@book{FliessbachEDyn,
	language  ={ngerman},
	author    ={Fließbach, T.},
	title     ={Elektrodynamik, Lehrbuch zur Theoretischen Physik III},
	publisher ={Spektrum Akademischer Verlag},
	address   ={Heidelberg},
	edition   ={4},
	year      =2005
}

@phdthesis{DissFWilhelm,
	language ={english},
	author   ={Wilhelm, F.},
	title    ={Magnetic Properties of Ultrathin Films, Coupled Trilayers and $3d/5d$ Multilayers studied by X-ray Magnetic Circular Dichroism},
	school   ={Freie Universität Berlin},
	month    =apr,
	year     =2000
}

@mastersthesis{DAMaike,
	language ={ngerman},
	author   ={Luebbe, M.},
	title    ={Kobalt--dotiertes {Z}inkoxid},
	school   ={TU München},
	year     =2005
}

@misc{GaussNewton,
	language ={ngerman},
	author   ={Brünner, A.},
	title    ={Die Methode der kleinsten Fehlerquadrate},
	year     =2002,
	url      ={http://www.arndt-bruenner.de/mathe/scripts/regr2.htm}
}

@misc{WikiMoore,
	author ={Wikipedia},
	title  ={Mooresches Gesetz},
	year   =2006,
	url    ={http://de.wikipedia.org/wiki/Mooresches_Gesetz}
}

@misc{Keithley2010,
	title ={Website der Firma Keithley, Multimeter 2010},
	url   ={http://www.keithley.de/products/dmm/dmms?mn=2010}
}

@misc{BauerMuendlich,
	author       ={Bauer, S.},
	title        ={private Mitteilung},
	howpublished ={Physiklehrer am HGV},
	year         =2022
}
