@book{spitzer23,
	title = {Künstliche Intelligenz, Dem Menschen Überlegen - wie KI uns rettet und bedroht},
	author = {Manfred Spitzer},
	year = {2023},
	month = {11},
	publisher = {Droemer Verlag},
	address = {München},
	isbn = {"978-3-426-44850-2"},
	volume = {1}
}

@article{shaji23, 
	title={ChatGPT and the Future of Work: A Comprehensive Analysis of AI’s Impact on Jobs and Employment}, 
	volume={1}, 
	url={https://www.puiij.com/index.php/research/article/view/57}, 
	DOI={10.5281/zenodo.8076921}, 
	abstractNote={&amp;lt;p&amp;gt;In this survey, we provide a comprehensive analysis of the impact of ChatGPT and other AI technologies on jobs and employment across various sectors, 
		highlighting the potential benefits and challenges associated with the integration of AI in the workforce. We discuss the transformative effects of AI on productivity, cost reduction, 
		decision-making, and innovation, while addressing concerns related to job displacement, ethical considerations, data privacy, and security. Moreover, 
		we explore the future implications of AI on the nature of work, analyzing shifts such as remote work, the gig economy, and human-AI collaboration. 
		The survey emphasizes the importance of reskilling and upskilling strategies, job transition support, and policy interventions to address the challenges posed by the widespread adoption of AI technologies in the 
		workplace.&amp;lt;/p&amp;gt;}, 
	number={3}, 
	journal={Partners Universal International Innovation Journal}, 
	author={Dr. A. Shaji George and A. S. Hovan George and A. S. Gabrio Martin}, 
	year={2023}, 
	month={6}, 
	pages={154–186} 
}

@article{goertzel14,
	author = {Ben Goertzel},
	doi = {doi:10.2478/jagi-2014-0001},
	url = {https://doi.org/10.2478/jagi-2014-0001},
	title = {Artificial General Intelligence: Concept, State of the Art, and Future Prospects},
	journal = {Journal of Artificial General Intelligence},
	number = {1},
	volume = {5},
	year = {2014},
	pages = {1--48}
}

@techreport{seemann23,
	abstract = {Die rasante Entwicklung von Systemen K\"{u}nstlicher Intelligenz wie Chat-GPT, die inhaltlich und sprachlich \"{u}berzeugende Texte generieren k\"{o}nnen, hat eine intensive Debatte ausgel\"{o}st. Es stellt sich die Frage, welche Auswirkungen solche Systeme auf die Prozesse und Arbeitsweisen zum Beispiel in Wissens- und Kreativberufen haben werden. Diese Literaturstudie wertet den aktuellen Stand der Debatte aus. Sie f\"{u}hrt in die technische Grundlage, die so genannten "Large Language Models", ein und untersucht abschlie\ss{}end, welche Auswirkungen auf die Arbeitswelt zu erwarten sind.},
	address = {D\"{u}sseldorf},
	author = {Michael Seemann},
	copyright = {https://www.econstor.eu/dspace/Nutzungsbedingungen; https://creativecommons.org/licenses/by/4.0/de/legalcode},
	keywords = {330; KI; ChatGPT; AI; Wissensarbeit; Kreativberufe},
	language = {ger},
	number = {304},
	publisher = {Hans-B\"{o}ckler-Stiftung},
	title = {K\"{u}nstliche Intelligenz, Large Language Models, ChatGPT und die Arbeitswelt der Zukunft},
	type = {Working Paper Forschungsf\"{o}rderung},
	url = {https://hdl.handle.net/10419/278731},
	year = {2023}
}


@inproceedings{chen24,
  title={Feels Like Empathy: How “Emotional” AI Challenges Human Essence},
  author={Chen, Angelina and Hannon, Oliver and Koegel, Sarah and Ciriello, Raffaele},
  booktitle={Australasian Conference on Information Systems},
  year={2024}
}

@book{aggarwal2018,
	title={Neural Networks and Deep Learning},
  	author={Charu C. Aggarwal},
  	year={2018},
  	publisher={Springer},
	edition={Second Edition},
	url={https://scholar.google.de/citations?view_op=view_citation&hl=de&user=x_wsduUAAAAJ&citation_for_view=x_wsduUAAAAJ:lN037PIkXpQC}
}

@article{vaswani2017,
	title={Attention is all you need},
	author={Vaswani, A},
	journal={Advances in Neural Information Processing Systems},
	year={2017},
	url={https://user.phil.hhu.de/~cwurm/wp-content/uploads/2020/01/7181-attention-is-all-you-need.pdf}
}

@techreport{gemini2024,
	year={2024},
	month={08},
	author={Gemini Team, Google}, 
	title={Gemini 1.5: Unlocking multimodal understanding across millions of tokens of context},
	version={4},
	note={arXiv Identifier: 2403.05530v4},
	url={https://arxiv.org/abs/2403.05530v4}
}

@techreport{openAI2024,
	year={2024},
	month={03},
	author={OpenAI}, 
	title={GPT-4 Technical Report},
	version={6},
	note={arXiv Identifier: 2303.08774v6},
	url={https://arxiv.org/abs/2303.08774v6}
}

@article {turner2024,
	year={2024},
	month={02},
	author={Richard E. Turner}, 
	title={An Introduction to Transformers},
	version={5},
	note={arXiv Identifier: 2304.10557v5},
	url={https://arxiv.org/abs/2304.10557v5}
}

%quellen für Kritik
@article{blutermann23,
	author = {Sandra Blütermann},
	title = {ChatGPT besteht IQ-Test},
	year = {2023},
	month = {03},
	journal = {Computer Bild},
}

@article{roivainen23,
	author = {Eka Roivainen},
	title = {I Gave ChatGPT an IQ Test. Here's What I Discovered},
	year = {2023},
	month = {03},
	journal = {Scientific American},
}

@article{gramsch23,
	author = {Maria Gramsch},
	title = {Künstliche Intelligenz: Wie funktioniert eigentlich ChatGPT?},
	year = {2023},
	month = {05},
	day = {31},
	journal = {BASIC thinking},
}

@misc{cAI24,	
	title = {Character.AI},
	author = {Noam Shazeer and Daniel De Freitas},
	url = {https://character.ai/},
	note = {Auch als mobile App verfügbar.},
	year = {2024},
	month = {08},
}

@online{gminiDemo2023,
    title = {The capabilities of multimodal AI | Gemini Demo},
    date = {2023},
    organization = {Youtube},
    author = {Google},
    url = {https://www.youtube.com/watch?v=UIZAiXYceBI},
}


@online{gawdat23,
    title = {Chat-GPT ´much smarter´ than the average human: Mo Gawdat},
    date = {2023},
    organization = {Youtube},
    author = {Sky News Australia},
    url = {https://www.youtube.com/watch?v=BKf7qrcN0X8},
}

